%YAML 1.1
%TAG !u! tag:unity3d.com,2011:
--- !u!1 &5116241613297147438
GameObject:
  m_ObjectHideFlags: 0
  m_CorrespondingSourceObject: {fileID: 0}
  m_PrefabInstance: {fileID: 0}
  m_PrefabAsset: {fileID: 0}
  serializedVersion: 6
  m_Component:
  - component: {fileID: 5119482860625292210}
  - component: {fileID: 5107735784400654604}
  - component: {fileID: 5086051249258986550}
  m_Layer: 0
  m_Name: Index
  m_TagString: Untagged
  m_Icon: {fileID: 0}
  m_NavMeshLayer: 0
  m_StaticEditorFlags: 0
  m_IsActive: 1
--- !u!4 &5119482860625292210
Transform:
  m_ObjectHideFlags: 0
  m_CorrespondingSourceObject: {fileID: 0}
  m_PrefabInstance: {fileID: 0}
  m_PrefabAsset: {fileID: 0}
  m_GameObject: {fileID: 5116241613297147438}
  m_LocalRotation: {x: -0, y: -0, z: -0, w: 1}
  m_LocalPosition: {x: 0, y: 0, z: 0}
  m_LocalScale: {x: 1, y: 1, z: 1}
  m_Children: []
  m_Father: {fileID: 5121681313617501020}
  m_RootOrder: 2
  m_LocalEulerAnglesHint: {x: 0, y: 0, z: 0}
--- !u!135 &5107735784400654604
SphereCollider:
  m_ObjectHideFlags: 0
  m_CorrespondingSourceObject: {fileID: 0}
  m_PrefabInstance: {fileID: 0}
  m_PrefabAsset: {fileID: 0}
  m_GameObject: {fileID: 5116241613297147438}
  m_Material: {fileID: 0}
  m_IsTrigger: 1
  m_Enabled: 1
  serializedVersion: 2
  m_Radius: 0.015
  m_Center: {x: 0, y: -0.015, z: 0}
--- !u!114 &5086051249258986550
MonoBehaviour:
  m_ObjectHideFlags: 0
  m_CorrespondingSourceObject: {fileID: 0}
  m_PrefabInstance: {fileID: 0}
  m_PrefabAsset: {fileID: 0}
  m_GameObject: {fileID: 5116241613297147438}
  m_Enabled: 1
  m_EditorHideFlags: 0
  m_Script: {fileID: 11500000, guid: fe5040c2eaa9ff147b80ded004191c67, type: 3}
  m_Name: 
  m_EditorClassIdentifier: 
  gameObjectToFollow: {fileID: 5117892544799016202}
  gameObjectToChange: {fileID: 0}
  followsPosition: 1
  smoothsPosition: 0
  maxAllowedPerFrameDistanceDifference: 0.003
  followsRotation: 1
  smoothsRotation: 0
  maxAllowedPerFrameAngleDifference: 1.5
  followsScale: 1
  smoothsScale: 0
  maxAllowedPerFrameSizeDifference: 0.003
  _moment: 2
--- !u!1 &5116355045680002896
GameObject:
  m_ObjectHideFlags: 0
  m_CorrespondingSourceObject: {fileID: 0}
  m_PrefabInstance: {fileID: 0}
  m_PrefabAsset: {fileID: 0}
  serializedVersion: 6
  m_Component:
  - component: {fileID: 5121571206225829206}
  m_Layer: 0
  m_Name: VRTK_Hand_Bone_Index_2
  m_TagString: Untagged
  m_Icon: {fileID: 0}
  m_NavMeshLayer: 0
  m_StaticEditorFlags: 0
  m_IsActive: 1
--- !u!4 &5121571206225829206
Transform:
  m_ObjectHideFlags: 0
  m_CorrespondingSourceObject: {fileID: 0}
  m_PrefabInstance: {fileID: 0}
  m_PrefabAsset: {fileID: 0}
  m_GameObject: {fileID: 5116355045680002896}
  m_LocalRotation: {x: 0.01658715, y: 0.0006006121, z: -0.0042770337, w: 0.99985313}
  m_LocalPosition: {x: -4.6566128e-12, y: 0.00029097358, z: 3.1432135e-11}
  m_LocalScale: {x: 1, y: 0.9999999, z: 0.99999994}
  m_Children:
  - {fileID: 5121415215036860924}
  m_Father: {fileID: 5121695675909498104}
  m_RootOrder: 0
  m_LocalEulerAnglesHint: {x: 0, y: 0, z: 0}
--- !u!1 &5117310586507426584
GameObject:
  m_ObjectHideFlags: 0
  m_CorrespondingSourceObject: {fileID: 0}
  m_PrefabInstance: {fileID: 0}
  m_PrefabAsset: {fileID: 0}
  serializedVersion: 6
  m_Component:
  - component: {fileID: 5119795736665405026}
  m_Layer: 0
  m_Name: VRTK_Hand_Bone_Middle_3
  m_TagString: Untagged
  m_Icon: {fileID: 0}
  m_NavMeshLayer: 0
  m_StaticEditorFlags: 0
  m_IsActive: 1
--- !u!4 &5119795736665405026
Transform:
  m_ObjectHideFlags: 0
  m_CorrespondingSourceObject: {fileID: 0}
  m_PrefabInstance: {fileID: 0}
  m_PrefabAsset: {fileID: 0}
  m_GameObject: {fileID: 5117310586507426584}
  m_LocalRotation: {x: 0.0065857354, y: -0.00092682365, z: -0.028158024, w: 0.9995814}
  m_LocalPosition: {x: -0, y: 0.00003885089, z: 3.783498e-12}
  m_LocalScale: {x: 0.99999994, y: 0.9999999, z: 0.99999994}
  m_Children:
  - {fileID: 5119958686768742624}
  m_Father: {fileID: 5119978749787101204}
  m_RootOrder: 0
  m_LocalEulerAnglesHint: {x: 0, y: 0, z: 0}
--- !u!1 &5117311117216943304
GameObject:
  m_ObjectHideFlags: 0
  m_CorrespondingSourceObject: {fileID: 0}
  m_PrefabInstance: {fileID: 0}
  m_PrefabAsset: {fileID: 0}
  serializedVersion: 6
  m_Component:
  - component: {fileID: 5119971936044362060}
  m_Layer: 0
  m_Name: VRTK_Hand_Bone_Ring_4
  m_TagString: Untagged
  m_Icon: {fileID: 0}
  m_NavMeshLayer: 0
  m_StaticEditorFlags: 0
  m_IsActive: 1
--- !u!4 &5119971936044362060
Transform:
  m_ObjectHideFlags: 0
  m_CorrespondingSourceObject: {fileID: 0}
  m_PrefabInstance: {fileID: 0}
  m_PrefabAsset: {fileID: 0}
  m_GameObject: {fileID: 5117311117216943304}
  m_LocalRotation: {x: 0.013001825, y: 0.009674855, z: 0.0070989667, w: 0.9998435}
  m_LocalPosition: {x: 1.4842953e-11, y: 0.00022683971, z: 1.6298145e-11}
  m_LocalScale: {x: 1, y: 0.99999994, z: 0.9999999}
  m_Children:
  - {fileID: 5121557586512804166}
  m_Father: {fileID: 5121168986229195144}
  m_RootOrder: 0
  m_LocalEulerAnglesHint: {x: 0, y: 0, z: 0}
--- !u!1 &5117529946314660348
GameObject:
  m_ObjectHideFlags: 0
  m_CorrespondingSourceObject: {fileID: 0}
  m_PrefabInstance: {fileID: 0}
  m_PrefabAsset: {fileID: 0}
  serializedVersion: 6
  m_Component:
  - component: {fileID: 5121168986229195144}
  m_Layer: 0
  m_Name: VRTK_Hand_Bone_Ring_3
  m_TagString: Untagged
  m_Icon: {fileID: 0}
  m_NavMeshLayer: 0
  m_StaticEditorFlags: 0
  m_IsActive: 1
--- !u!4 &5121168986229195144
Transform:
  m_ObjectHideFlags: 0
  m_CorrespondingSourceObject: {fileID: 0}
  m_PrefabInstance: {fileID: 0}
  m_PrefabAsset: {fileID: 0}
  m_GameObject: {fileID: 5117529946314660348}
  m_LocalRotation: {x: 0.0030117808, y: -0.019417752, z: 0.014554779, w: 0.99970096}
  m_LocalPosition: {x: 2.1973392e-11, y: 0.000035362, z: -2.9103829e-12}
  m_LocalScale: {x: 1, y: 1, z: 0.99999994}
  m_Children:
  - {fileID: 5119971936044362060}
  m_Father: {fileID: 5119685596808972736}
  m_RootOrder: 0
  m_LocalEulerAnglesHint: {x: 0, y: 0, z: 0}
--- !u!1 &5117533344446493490
GameObject:
  m_ObjectHideFlags: 0
  m_CorrespondingSourceObject: {fileID: 0}
  m_PrefabInstance: {fileID: 0}
  m_PrefabAsset: {fileID: 0}
  serializedVersion: 6
  m_Component:
  - component: {fileID: 5119811339654335430}
  m_Layer: 0
  m_Name: VRTK_Hand_Bone_Wrist
  m_TagString: Untagged
  m_Icon: {fileID: 0}
  m_NavMeshLayer: 0
  m_StaticEditorFlags: 0
  m_IsActive: 1
--- !u!4 &5119811339654335430
Transform:
  m_ObjectHideFlags: 0
  m_CorrespondingSourceObject: {fileID: 0}
  m_PrefabInstance: {fileID: 0}
  m_PrefabAsset: {fileID: 0}
  m_GameObject: {fileID: 5117533344446493490}
  m_LocalRotation: {x: -0.062411137, y: 0.0013902457, z: -0.012309667, w: 0.9979737}
  m_LocalPosition: {x: 2.7755575e-19, y: 0.00007741918, z: 2.1828657e-13}
  m_LocalScale: {x: 1, y: 1, z: 0.99999994}
  m_Children:
  - {fileID: 5121605932061104866}
  m_Father: {fileID: 5119738689025133392}
  m_RootOrder: 0
  m_LocalEulerAnglesHint: {x: 0, y: 0, z: 0}
--- !u!1 &5117538646587871260
GameObject:
  m_ObjectHideFlags: 0
  m_CorrespondingSourceObject: {fileID: 0}
  m_PrefabInstance: {fileID: 0}
  m_PrefabAsset: {fileID: 0}
  serializedVersion: 6
  m_Component:
  - component: {fileID: 5119808782009074170}
  - component: {fileID: 5110011987818670754}
  m_Layer: 0
  m_Name: VRTK_BasicHand
  m_TagString: Untagged
  m_Icon: {fileID: 0}
  m_NavMeshLayer: 0
  m_StaticEditorFlags: 0
  m_IsActive: 1
--- !u!4 &5119808782009074170
Transform:
  m_ObjectHideFlags: 0
  m_CorrespondingSourceObject: {fileID: 0}
  m_PrefabInstance: {fileID: 0}
  m_PrefabAsset: {fileID: 0}
  m_GameObject: {fileID: 5117538646587871260}
  m_LocalRotation: {x: -0.7071068, y: -0, z: -0, w: 0.7071067}
  m_LocalPosition: {x: 0, y: 0, z: 0}
  m_LocalScale: {x: 100, y: 99.99997, z: 99.99997}
  m_Children: []
  m_Father: {fileID: 5119906643333354702}
  m_RootOrder: 1
  m_LocalEulerAnglesHint: {x: 0, y: 0, z: 0}
--- !u!137 &5110011987818670754
SkinnedMeshRenderer:
  m_ObjectHideFlags: 0
  m_CorrespondingSourceObject: {fileID: 0}
  m_PrefabInstance: {fileID: 0}
  m_PrefabAsset: {fileID: 0}
  m_GameObject: {fileID: 5117538646587871260}
  m_Enabled: 1
  m_CastShadows: 1
  m_ReceiveShadows: 1
  m_DynamicOccludee: 1
  m_MotionVectors: 1
  m_LightProbeUsage: 1
  m_ReflectionProbeUsage: 1
  m_RenderingLayerMask: 1
  m_RendererPriority: 0
  m_Materials:
  - {fileID: 2100000, guid: 5b0e29f17b95f4b4e8bbee0faaa0ac29, type: 2}
  m_StaticBatchInfo:
    firstSubMesh: 0
    subMeshCount: 0
  m_StaticBatchRoot: {fileID: 0}
  m_ProbeAnchor: {fileID: 0}
  m_LightProbeVolumeOverride: {fileID: 0}
  m_ScaleInLightmap: 1
  m_ReceiveGI: 1
  m_PreserveUVs: 0
  m_IgnoreNormalsForChartDetection: 0
  m_ImportantGI: 0
  m_StitchLightmapSeams: 1
  m_SelectedEditorRenderState: 3
  m_MinimumChartSize: 4
  m_AutoUVMaxDistance: 0.5
  m_AutoUVMaxAngle: 89
  m_LightmapParameters: {fileID: 0}
  m_SortingLayerID: 0
  m_SortingLayer: 0
  m_SortingOrder: 0
  serializedVersion: 2
  m_Quality: 0
  m_UpdateWhenOffscreen: 0
  m_SkinnedMotionVectors: 1
  m_Mesh: {fileID: 4300000, guid: 9fbd4cfd43766cc4cbcb915ceafe52a9, type: 3}
  m_Bones:
  - {fileID: 5119738689025133392}
  - {fileID: 5119811339654335430}
  - {fileID: 5121605932061104866}
  - {fileID: 5119614572899929386}
  - {fileID: 5119978749787101204}
  - {fileID: 5119795736665405026}
  - {fileID: 5119958686768742624}
  - {fileID: 5121601160657651428}
  - {fileID: 5119817942672205480}
  - {fileID: 5119685596808972736}
  - {fileID: 5121168986229195144}
  - {fileID: 5119971936044362060}
  - {fileID: 5121557586512804166}
  - {fileID: 5121695675909498104}
  - {fileID: 5121571206225829206}
  - {fileID: 5121415215036860924}
  - {fileID: 5119743011423854074}
  - {fileID: 5121454309163979716}
  - {fileID: 5121224037442837656}
  - {fileID: 5121560389639807186}
  - {fileID: 5119789445322503734}
  - {fileID: 5119581956240569366}
  - {fileID: 5119948722337019686}
  - {fileID: 5119482601874819142}
  - {fileID: 5121406849965344640}
  - {fileID: 5121524873107303556}
  - {fileID: 5119608863350528638}
  m_BlendShapeWeights: []
  m_RootBone: {fileID: 5119738689025133392}
  m_AABB:
    m_Center: {x: -0.00020831786, y: 0.0009755513, z: 0.0000056201243}
    m_Extent: {x: 0.0010329011, y: 0.0012315598, z: 0.0007088389}
  m_DirtyAABB: 0
--- !u!1 &5117575308788314670
GameObject:
  m_ObjectHideFlags: 0
  m_CorrespondingSourceObject: {fileID: 0}
  m_PrefabInstance: {fileID: 0}
  m_PrefabAsset: {fileID: 0}
  serializedVersion: 6
  m_Component:
  - component: {fileID: 5119906643333354702}
  m_Layer: 0
  m_Name: Model
  m_TagString: Untagged
  m_Icon: {fileID: 0}
  m_NavMeshLayer: 0
  m_StaticEditorFlags: 0
  m_IsActive: 1
--- !u!4 &5119906643333354702
Transform:
  m_ObjectHideFlags: 0
  m_CorrespondingSourceObject: {fileID: 0}
  m_PrefabInstance: {fileID: 0}
  m_PrefabAsset: {fileID: 0}
  m_GameObject: {fileID: 5117575308788314670}
  m_LocalRotation: {x: 0, y: 0, z: 0, w: 1}
  m_LocalPosition: {x: 0, y: 0, z: 0}
  m_LocalScale: {x: 1, y: 1, z: 1}
  m_Children:
  - {fileID: 5121229143118392446}
  - {fileID: 5119808782009074170}
  m_Father: {fileID: 5121609858276332094}
  m_RootOrder: 0
  m_LocalEulerAnglesHint: {x: 0, y: 0, z: 0}
--- !u!1 &5117575324605284298
GameObject:
  m_ObjectHideFlags: 0
  m_CorrespondingSourceObject: {fileID: 0}
  m_PrefabInstance: {fileID: 0}
  m_PrefabAsset: {fileID: 0}
  serializedVersion: 6
  m_Component:
  - component: {fileID: 5121557586512804166}
  m_Layer: 0
  m_Name: VRTK_Hand_Bone_Ring_5
  m_TagString: Untagged
  m_Icon: {fileID: 0}
  m_NavMeshLayer: 0
  m_StaticEditorFlags: 0
  m_IsActive: 1
--- !u!4 &5121557586512804166
Transform:
  m_ObjectHideFlags: 0
  m_CorrespondingSourceObject: {fileID: 0}
  m_PrefabInstance: {fileID: 0}
  m_PrefabAsset: {fileID: 0}
  m_GameObject: {fileID: 5117575324605284298}
  m_LocalRotation: {x: -0.007590273, y: 0.01388651, z: -0.016617289, w: 0.99973667}
  m_LocalPosition: {x: -9.6042636e-12, y: 0.0002931769, z: -9.8953025e-12}
  m_LocalScale: {x: 1, y: 1, z: 1.0000001}
  m_Children:
  - {fileID: 5121451960936101996}
  m_Father: {fileID: 5119971936044362060}
  m_RootOrder: 0
  m_LocalEulerAnglesHint: {x: 0, y: 0, z: 0}
--- !u!1 &5117610297080340704
GameObject:
  m_ObjectHideFlags: 0
  m_CorrespondingSourceObject: {fileID: 0}
  m_PrefabInstance: {fileID: 0}
  m_PrefabAsset: {fileID: 0}
  serializedVersion: 6
  m_Component:
  - component: {fileID: 5119608863350528638}
  m_Layer: 0
  m_Name: VRTK_Hand_Bone_Thumb_4
  m_TagString: Untagged
  m_Icon: {fileID: 0}
  m_NavMeshLayer: 0
  m_StaticEditorFlags: 0
  m_IsActive: 1
--- !u!4 &5119608863350528638
Transform:
  m_ObjectHideFlags: 0
  m_CorrespondingSourceObject: {fileID: 0}
  m_PrefabInstance: {fileID: 0}
  m_PrefabAsset: {fileID: 0}
  m_GameObject: {fileID: 5117610297080340704}
  m_LocalRotation: {x: -0.100460716, y: 0.17879021, z: 0.023270492, w: 0.9784683}
  m_LocalPosition: {x: 4.6566128e-12, y: 0.00021792586, z: 9.3132255e-12}
  m_LocalScale: {x: 1.0000001, y: 1, z: 1}
  m_Children:
  - {fileID: 5121229247478648884}
  m_Father: {fileID: 5121524873107303556}
  m_RootOrder: 0
  m_LocalEulerAnglesHint: {x: 0, y: 0, z: 0}
--- !u!1 &5117625392036168860
GameObject:
  m_ObjectHideFlags: 0
  m_CorrespondingSourceObject: {fileID: 0}
  m_PrefabInstance: {fileID: 0}
  m_PrefabAsset: {fileID: 0}
  serializedVersion: 6
  m_Component:
  - component: {fileID: 5121454309163979716}
  m_Layer: 0
  m_Name: VRTK_Hand_Bone_Index_5
  m_TagString: Untagged
  m_Icon: {fileID: 0}
  m_NavMeshLayer: 0
  m_StaticEditorFlags: 0
  m_IsActive: 1
--- !u!4 &5121454309163979716
Transform:
  m_ObjectHideFlags: 0
  m_CorrespondingSourceObject: {fileID: 0}
  m_PrefabInstance: {fileID: 0}
  m_PrefabAsset: {fileID: 0}
  m_GameObject: {fileID: 5117625392036168860}
  m_LocalRotation: {x: 0.050610885, y: -0.03240509, z: 0.0062136524, w: 0.9981733}
  m_LocalPosition: {x: -2.1973392e-11, y: 0.00028243498, z: 2.3283064e-12}
  m_LocalScale: {x: 1, y: 1, z: 1}
  m_Children:
  - {fileID: 5119933586040664798}
  m_Father: {fileID: 5119743011423854074}
  m_RootOrder: 0
  m_LocalEulerAnglesHint: {x: 0, y: 0, z: 0}
--- !u!1 &5117675381188690730
GameObject:
  m_ObjectHideFlags: 0
  m_CorrespondingSourceObject: {fileID: 0}
  m_PrefabInstance: {fileID: 0}
  m_PrefabAsset: {fileID: 0}
  serializedVersion: 6
  m_Component:
  - component: {fileID: 5121695675909498104}
  m_Layer: 0
  m_Name: VRTK_Hand_Bone_Index_1
  m_TagString: Untagged
  m_Icon: {fileID: 0}
  m_NavMeshLayer: 0
  m_StaticEditorFlags: 0
  m_IsActive: 1
--- !u!4 &5121695675909498104
Transform:
  m_ObjectHideFlags: 0
  m_CorrespondingSourceObject: {fileID: 0}
  m_PrefabInstance: {fileID: 0}
  m_PrefabAsset: {fileID: 0}
  m_GameObject: {fileID: 5117675381188690730}
  m_LocalRotation: {x: 0.050324433, y: 0.059749927, z: 0.0043306854, w: 0.99693465}
  m_LocalPosition: {x: -0.0002792919, y: 0.0005194665, z: -0.00004800207}
  m_LocalScale: {x: 0.9999999, y: 0.99999994, z: 0.99999994}
  m_Children:
  - {fileID: 5121571206225829206}
  m_Father: {fileID: 5121605932061104866}
  m_RootOrder: 0
  m_LocalEulerAnglesHint: {x: 0, y: 0, z: 0}
--- !u!1 &5117694513001151726
GameObject:
  m_ObjectHideFlags: 0
  m_CorrespondingSourceObject: {fileID: 0}
  m_PrefabInstance: {fileID: 0}
  m_PrefabAsset: {fileID: 0}
  serializedVersion: 6
  m_Component:
  - component: {fileID: 5121419810142299120}
  - component: {fileID: 5170900346751705904}
  m_Layer: 0
  m_Name: GrabAttachPoint
  m_TagString: Untagged
  m_Icon: {fileID: 0}
  m_NavMeshLayer: 0
  m_StaticEditorFlags: 0
  m_IsActive: 1
--- !u!4 &5121419810142299120
Transform:
  m_ObjectHideFlags: 0
  m_CorrespondingSourceObject: {fileID: 0}
  m_PrefabInstance: {fileID: 0}
  m_PrefabAsset: {fileID: 0}
  m_GameObject: {fileID: 5117694513001151726}
  m_LocalRotation: {x: -0, y: -0, z: -0, w: 1}
  m_LocalPosition: {x: 0, y: 0, z: 0.1}
  m_LocalScale: {x: 1, y: 1, z: 1}
  m_Children: []
  m_Father: {fileID: 5121609858276332094}
  m_RootOrder: 1
  m_LocalEulerAnglesHint: {x: 0, y: 0, z: 0}
--- !u!54 &5170900346751705904
Rigidbody:
  m_ObjectHideFlags: 0
  m_CorrespondingSourceObject: {fileID: 0}
  m_PrefabInstance: {fileID: 0}
  m_PrefabAsset: {fileID: 0}
  m_GameObject: {fileID: 5117694513001151726}
  serializedVersion: 2
  m_Mass: 1
  m_Drag: 0
  m_AngularDrag: 0.05
  m_UseGravity: 0
  m_IsKinematic: 1
  m_Interpolate: 0
  m_Constraints: 0
  m_CollisionDetection: 0
--- !u!1 &5117763194316321394
GameObject:
  m_ObjectHideFlags: 0
  m_CorrespondingSourceObject: {fileID: 0}
  m_PrefabInstance: {fileID: 0}
  m_PrefabAsset: {fileID: 0}
  serializedVersion: 6
  m_Component:
  - component: {fileID: 5121605932061104866}
  m_Layer: 0
  m_Name: VRTK_Hand_Bone_Palm
  m_TagString: Untagged
  m_Icon: {fileID: 0}
  m_NavMeshLayer: 0
  m_StaticEditorFlags: 0
  m_IsActive: 1
--- !u!4 &5121605932061104866
Transform:
  m_ObjectHideFlags: 0
  m_CorrespondingSourceObject: {fileID: 0}
  m_PrefabInstance: {fileID: 0}
  m_PrefabAsset: {fileID: 0}
  m_GameObject: {fileID: 5117763194316321394}
  m_LocalRotation: {x: -0.00010582404, y: -0.0057285763, z: 0.056991156, w: 0.99835825}
  m_LocalPosition: {x: -4.4565239e-13, y: 0.00042688407, z: 4.7430146e-12}
  m_LocalScale: {x: 1, y: 1, z: 1}
  m_Children:
  - {fileID: 5121695675909498104}
  - {fileID: 5119614572899929386}
  - {fileID: 5121224037442837656}
  - {fileID: 5119817942672205480}
  - {fileID: 5119482601874819142}
  m_Father: {fileID: 5119811339654335430}
  m_RootOrder: 0
  m_LocalEulerAnglesHint: {x: 0, y: 0, z: 0}
--- !u!1 &5117827377345408856
GameObject:
  m_ObjectHideFlags: 0
  m_CorrespondingSourceObject: {fileID: 0}
  m_PrefabInstance: {fileID: 0}
  m_PrefabAsset: {fileID: 0}
  serializedVersion: 6
  m_Component:
  - component: {fileID: 5119978749787101204}
  m_Layer: 0
  m_Name: VRTK_Hand_Bone_Middle_2
  m_TagString: Untagged
  m_Icon: {fileID: 0}
  m_NavMeshLayer: 0
  m_StaticEditorFlags: 0
  m_IsActive: 1
--- !u!4 &5119978749787101204
Transform:
  m_ObjectHideFlags: 0
  m_CorrespondingSourceObject: {fileID: 0}
  m_PrefabInstance: {fileID: 0}
  m_PrefabAsset: {fileID: 0}
  m_GameObject: {fileID: 5117827377345408856}
  m_LocalRotation: {x: -0.007937939, y: -0.00032826228, z: 0.033302106, w: 0.9994138}
  m_LocalPosition: {x: -1.04773785e-11, y: 0.00027416807, z: 1.4551914e-12}
  m_LocalScale: {x: 1, y: 1, z: 1}
  m_Children:
  - {fileID: 5119795736665405026}
  m_Father: {fileID: 5119614572899929386}
  m_RootOrder: 0
  m_LocalEulerAnglesHint: {x: 0, y: 0, z: 0}
--- !u!1 &5117842576024914832
GameObject:
  m_ObjectHideFlags: 0
  m_CorrespondingSourceObject: {fileID: 0}
  m_PrefabInstance: {fileID: 0}
  m_PrefabAsset: {fileID: 0}
  serializedVersion: 6
  m_Component:
  - component: {fileID: 5119743011423854074}
  m_Layer: 0
  m_Name: VRTK_Hand_Bone_Index_4
  m_TagString: Untagged
  m_Icon: {fileID: 0}
  m_NavMeshLayer: 0
  m_StaticEditorFlags: 0
  m_IsActive: 1
--- !u!4 &5119743011423854074
Transform:
  m_ObjectHideFlags: 0
  m_CorrespondingSourceObject: {fileID: 0}
  m_PrefabInstance: {fileID: 0}
  m_PrefabAsset: {fileID: 0}
  m_GameObject: {fileID: 5117842576024914832}
  m_LocalRotation: {x: -0.0016227671, y: 0.006103784, z: -0.019646483, w: 0.99978703}
  m_LocalPosition: {x: -0, y: 0.00026295686, z: -6.984919e-12}
  m_LocalScale: {x: 0.99999994, y: 0.99999994, z: 0.9999999}
  m_Children:
  - {fileID: 5121454309163979716}
  m_Father: {fileID: 5121415215036860924}
  m_RootOrder: 0
  m_LocalEulerAnglesHint: {x: 0, y: 0, z: 0}
--- !u!1 &5117852276744236474
GameObject:
  m_ObjectHideFlags: 0
  m_CorrespondingSourceObject: {fileID: 0}
  m_PrefabInstance: {fileID: 0}
  m_PrefabAsset: {fileID: 0}
  serializedVersion: 6
  m_Component:
  - component: {fileID: 5121681313617501020}
  m_Layer: 0
  m_Name: HandColliders
  m_TagString: Untagged
  m_Icon: {fileID: 0}
  m_NavMeshLayer: 0
  m_StaticEditorFlags: 0
  m_IsActive: 1
--- !u!4 &5121681313617501020
Transform:
  m_ObjectHideFlags: 0
  m_CorrespondingSourceObject: {fileID: 0}
  m_PrefabInstance: {fileID: 0}
  m_PrefabAsset: {fileID: 0}
  m_GameObject: {fileID: 5117852276744236474}
  m_LocalRotation: {x: -0, y: -0, z: -0, w: 1}
  m_LocalPosition: {x: 0, y: 0, z: 0}
  m_LocalScale: {x: 1, y: 1, z: 1}
  m_Children:
  - {fileID: 5119664378097697990}
  - {fileID: 5119866056537935948}
  - {fileID: 5119482860625292210}
  - {fileID: 5119987361294245334}
  - {fileID: 5121269551486863516}
  - {fileID: 5121628397533454936}
  m_Father: {fileID: 5121609858276332094}
  m_RootOrder: 2
  m_LocalEulerAnglesHint: {x: 0, y: 0, z: 0}
--- !u!1 &5117884996434870676
GameObject:
  m_ObjectHideFlags: 0
  m_CorrespondingSourceObject: {fileID: 0}
  m_PrefabInstance: {fileID: 0}
  m_PrefabAsset: {fileID: 0}
  serializedVersion: 6
  m_Component:
  - component: {fileID: 5121224037442837656}
  m_Layer: 0
  m_Name: VRTK_Hand_Bone_Pinkie_1
  m_TagString: Untagged
  m_Icon: {fileID: 0}
  m_NavMeshLayer: 0
  m_StaticEditorFlags: 0
  m_IsActive: 1
--- !u!4 &5121224037442837656
Transform:
  m_ObjectHideFlags: 0
  m_CorrespondingSourceObject: {fileID: 0}
  m_PrefabInstance: {fileID: 0}
  m_PrefabAsset: {fileID: 0}
  m_GameObject: {fileID: 5117884996434870676}
  m_LocalRotation: {x: 0.048175108, y: -0.04408784, z: -0.16956106, w: 0.98335373}
  m_LocalPosition: {x: 0.0002529882, y: 0.000107125656, z: 0.000012998413}
  m_LocalScale: {x: 0.99999994, y: 0.99999994, z: 0.9999999}
  m_Children:
  - {fileID: 5121560389639807186}
  m_Father: {fileID: 5121605932061104866}
  m_RootOrder: 2
  m_LocalEulerAnglesHint: {x: 0, y: 0, z: 0}
--- !u!1 &5117892544799016202
GameObject:
  m_ObjectHideFlags: 0
  m_CorrespondingSourceObject: {fileID: 0}
  m_PrefabInstance: {fileID: 0}
  m_PrefabAsset: {fileID: 0}
  serializedVersion: 6
  m_Component:
  - component: {fileID: 5119933586040664798}
  m_Layer: 0
  m_Name: VRTK_Hand_Bone_Index_5_end
  m_TagString: Untagged
  m_Icon: {fileID: 0}
  m_NavMeshLayer: 0
  m_StaticEditorFlags: 0
  m_IsActive: 1
--- !u!4 &5119933586040664798
Transform:
  m_ObjectHideFlags: 0
  m_CorrespondingSourceObject: {fileID: 0}
  m_PrefabInstance: {fileID: 0}
  m_PrefabAsset: {fileID: 0}
  m_GameObject: {fileID: 5117892544799016202}
  m_LocalRotation: {x: 0, y: -0, z: -0, w: 1}
  m_LocalPosition: {x: -0, y: 0.00028762786, z: 0}
  m_LocalScale: {x: 1, y: 1, z: 1}
  m_Children: []
  m_Father: {fileID: 5121454309163979716}
  m_RootOrder: 0
  m_LocalEulerAnglesHint: {x: 0, y: 0, z: 0}
--- !u!1 &5117899188380581428
GameObject:
  m_ObjectHideFlags: 0
  m_CorrespondingSourceObject: {fileID: 0}
  m_PrefabInstance: {fileID: 0}
  m_PrefabAsset: {fileID: 0}
  serializedVersion: 6
  m_Component:
  - component: {fileID: 5121609858276332094}
  - component: {fileID: 5068618458777166500}
  - component: {fileID: 5087722210296338402}
  - component: {fileID: 5117028217921054507}
  m_Layer: 0
  m_Name: VRTK_LeftBasicHand
  m_TagString: Untagged
  m_Icon: {fileID: 0}
  m_NavMeshLayer: 0
  m_StaticEditorFlags: 0
  m_IsActive: 1
--- !u!4 &5121609858276332094
Transform:
  m_ObjectHideFlags: 0
  m_CorrespondingSourceObject: {fileID: 0}
  m_PrefabInstance: {fileID: 0}
  m_PrefabAsset: {fileID: 0}
  m_GameObject: {fileID: 5117899188380581428}
  m_LocalRotation: {x: -0, y: -0, z: -0, w: 1}
  m_LocalPosition: {x: 0, y: 0, z: 0}
  m_LocalScale: {x: 1, y: 1, z: 1}
  m_Children:
  - {fileID: 5119906643333354702}
  - {fileID: 5121419810142299120}
  - {fileID: 5121681313617501020}
  m_Father: {fileID: 0}
  m_RootOrder: 0
  m_LocalEulerAnglesHint: {x: 0, y: 0, z: 0}
--- !u!95 &5068618458777166500
Animator:
  serializedVersion: 3
  m_ObjectHideFlags: 0
  m_CorrespondingSourceObject: {fileID: 0}
  m_PrefabInstance: {fileID: 0}
  m_PrefabAsset: {fileID: 0}
  m_GameObject: {fileID: 5117899188380581428}
  m_Enabled: 1
  m_Avatar: {fileID: 9000000, guid: 9fbd4cfd43766cc4cbcb915ceafe52a9, type: 3}
  m_Controller: {fileID: 9100000, guid: fec1c1cdc86cb5b4aad9b22ede74632b, type: 2}
  m_CullingMode: 1
  m_UpdateMode: 0
  m_ApplyRootMotion: 0
  m_LinearVelocityBlending: 0
  m_WarningMessage: 
  m_HasTransformHierarchy: 1
  m_AllowConstantClipSamplingOptimization: 1
  m_KeepAnimatorControllerStateOnDisable: 0
--- !u!114 &5087722210296338402
MonoBehaviour:
  m_ObjectHideFlags: 0
  m_CorrespondingSourceObject: {fileID: 0}
  m_PrefabInstance: {fileID: 0}
  m_PrefabAsset: {fileID: 0}
  m_GameObject: {fileID: 5117899188380581428}
  m_Enabled: 1
  m_EditorHideFlags: 0
  m_Script: {fileID: 11500000, guid: 1c52b3a0d5f4fd744bbbd135b8d647b2, type: 3}
  m_Name: 
  m_EditorClassIdentifier: 
  controllerType: 0
  setFingersForControllerType: 1
  mirrorModel: 1
  animationSnapSpeed: 0.1
  thumbButton: 9
  indexButton: 3
  middleButton: 0
  ringButton: 0
  pinkyButton: 0
  threeFingerButton: 7
  thumbAxisButton: 7
  indexAxisButton: 5
  middleAxisButton: 9
  ringAxisButton: 10
  pinkyAxisButton: 11
  threeFingerAxisButton: 2
  thumbState: 0
  indexState: 0
  middleState: 0
  ringState: 0
  pinkyState: 0
  threeFingerState: 0
  nearTouchOverrides:
    ignoreAllOverrides: 1
    stateValue: -1
    applyThumbOverride: 1
    thumbOverride: 0
    applyIndexOverride: 1
    indexOverride: 0
    applyMiddleOverride: 1
    middleOverride: 0
    applyRingOverride: 1
    ringOverride: 0
    applyPinkyOverride: 1
    pinkyOverride: 0
  touchOverrides:
    ignoreAllOverrides: 0
    stateValue: -1
    applyThumbOverride: 1
    thumbOverride: 0.2
    applyIndexOverride: 0
    indexOverride: 0
    applyMiddleOverride: 1
    middleOverride: 0.2
    applyRingOverride: 1
    ringOverride: 0.2
    applyPinkyOverride: 1
    pinkyOverride: 0.2
  grabOverrides:
    ignoreAllOverrides: 0
    stateValue: -1
    applyThumbOverride: 1
    thumbOverride: 0
    applyIndexOverride: 0
    indexOverride: 0
    applyMiddleOverride: 1
    middleOverride: 1
    applyRingOverride: 1
    ringOverride: 1
    applyPinkyOverride: 1
    pinkyOverride: 0.5
  useOverrides:
    ignoreAllOverrides: 0
    stateValue: -1
    applyThumbOverride: 1
    thumbOverride: 0.3
    applyIndexOverride: 0
    indexOverride: 0
    applyMiddleOverride: 1
    middleOverride: 1
    applyRingOverride: 1
    ringOverride: 1
    applyPinkyOverride: 1
    pinkyOverride: 1
  handModel: {fileID: 0}
  controllerEvents: {fileID: 0}
  interactNearTouch: {fileID: 0}
  interactTouch: {fileID: 0}
  interactGrab: {fileID: 0}
  interactUse: {fileID: 0}
--- !u!114 &5117028217921054507
MonoBehaviour:
  m_ObjectHideFlags: 0
  m_CorrespondingSourceObject: {fileID: 0}
  m_PrefabInstance: {fileID: 0}
  m_PrefabAsset: {fileID: 0}
  m_GameObject: {fileID: 5117899188380581428}
  m_Enabled: 1
  m_EditorHideFlags: 0
  m_Script: {fileID: 11500000, guid: 393a6cb30fae3e841bd85dca765098f6, type: 3}
  m_Name: 
  m_EditorClassIdentifier: 
  target: {fileID: 0}
  resetOnDisable: 1
  sdkOverrides:
  - loadedSDKSetup: {fileID: 0}
    controllerType: 3
    position: {x: 0, y: 0, z: -0.175}
    rotation: {x: 40, y: 0, z: 72}
    scale: {x: 1, y: 1, z: 1}
  - loadedSDKSetup: {fileID: 0}
    controllerType: 8
    position: {x: -0.0135, y: 0.0475, z: -0.165}
    rotation: {x: 60, y: 0, z: 81}
    scale: {x: 1, y: 1, z: 1}
  - loadedSDKSetup: {fileID: 0}
    controllerType: 5
    position: {x: -0.032, y: -0.022, z: -0.11}
    rotation: {x: 10, y: 0, z: 90}
    scale: {x: 1, y: 1, z: 1}
  - loadedSDKSetup: {fileID: 0}
    controllerType: 4
    position: {x: -0.02, y: 0.025, z: -0.175}
    rotation: {x: 45, y: 0, z: 70}
    scale: {x: 1, y: 1, z: 1}
  - loadedSDKSetup: {fileID: 0}
    controllerType: 14
    position: {x: -0.009, y: 0.0375, z: -0.175}
    rotation: {x: 45, y: 0, z: 70}
    scale: {x: 1, y: 1, z: 1}
  - loadedSDKSetup: {fileID: 0}
    controllerType: 13
    position: {x: -0.0116, y: 0.0523, z: -0.0723}
    rotation: {x: 45, y: 0, z: 70}
    scale: {x: 1, y: 1, z: 1}
--- !u!1 &5117917275587950040
GameObject:
  m_ObjectHideFlags: 0
  m_CorrespondingSourceObject: {fileID: 0}
  m_PrefabInstance: {fileID: 0}
  m_PrefabAsset: {fileID: 0}
  serializedVersion: 6
  m_Component:
  - component: {fileID: 5121229143118392446}
  m_Layer: 0
  m_Name: Armature
  m_TagString: Untagged
  m_Icon: {fileID: 0}
  m_NavMeshLayer: 0
  m_StaticEditorFlags: 0
  m_IsActive: 1
--- !u!4 &5121229143118392446
Transform:
  m_ObjectHideFlags: 0
  m_CorrespondingSourceObject: {fileID: 0}
  m_PrefabInstance: {fileID: 0}
  m_PrefabAsset: {fileID: 0}
  m_GameObject: {fileID: 5117917275587950040}
  m_LocalRotation: {x: -0.7071068, y: -0, z: -0, w: 0.7071067}
  m_LocalPosition: {x: 0, y: 0, z: 0}
  m_LocalScale: {x: 100, y: 100, z: 100}
  m_Children:
  - {fileID: 5119738689025133392}
  m_Father: {fileID: 5119906643333354702}
  m_RootOrder: 0
  m_LocalEulerAnglesHint: {x: 0, y: 0, z: 0}
--- !u!1 &5117922348111015104
GameObject:
  m_ObjectHideFlags: 0
  m_CorrespondingSourceObject: {fileID: 0}
  m_PrefabInstance: {fileID: 0}
  m_PrefabAsset: {fileID: 0}
  serializedVersion: 6
  m_Component:
  - component: {fileID: 5119581956240569366}
  m_Layer: 0
  m_Name: VRTK_Hand_Bone_Pinkie_4
  m_TagString: Untagged
  m_Icon: {fileID: 0}
  m_NavMeshLayer: 0
  m_StaticEditorFlags: 0
  m_IsActive: 1
--- !u!4 &5119581956240569366
Transform:
  m_ObjectHideFlags: 0
  m_CorrespondingSourceObject: {fileID: 0}
  m_PrefabInstance: {fileID: 0}
  m_PrefabAsset: {fileID: 0}
  m_GameObject: {fileID: 5117922348111015104}
  m_LocalRotation: {x: 0.00007984622, y: 0.016955502, z: 0.014019562, w: 0.99975795}
  m_LocalPosition: {x: 4.452886e-11, y: 0.00019160572, z: 4.6566126e-11}
  m_LocalScale: {x: 0.99999994, y: 0.9999999, z: 1}
  m_Children:
  - {fileID: 5119948722337019686}
  m_Father: {fileID: 5119789445322503734}
  m_RootOrder: 0
  m_LocalEulerAnglesHint: {x: 0, y: 0, z: 0}
--- !u!1 &5117940804414273688
GameObject:
  m_ObjectHideFlags: 0
  m_CorrespondingSourceObject: {fileID: 0}
  m_PrefabInstance: {fileID: 0}
  m_PrefabAsset: {fileID: 0}
  serializedVersion: 6
  m_Component:
  - component: {fileID: 5121549401997043222}
  m_Layer: 0
  m_Name: VRTK_Hand_Bone_Middle_5_end
  m_TagString: Untagged
  m_Icon: {fileID: 0}
  m_NavMeshLayer: 0
  m_StaticEditorFlags: 0
  m_IsActive: 1
--- !u!4 &5121549401997043222
Transform:
  m_ObjectHideFlags: 0
  m_CorrespondingSourceObject: {fileID: 0}
  m_PrefabInstance: {fileID: 0}
  m_PrefabAsset: {fileID: 0}
  m_GameObject: {fileID: 5117940804414273688}
  m_LocalRotation: {x: 0, y: -0, z: -0, w: 1}
  m_LocalPosition: {x: -0, y: 0.00028716665, z: 0}
  m_LocalScale: {x: 1, y: 1, z: 1}
  m_Children: []
  m_Father: {fileID: 5121601160657651428}
  m_RootOrder: 0
  m_LocalEulerAnglesHint: {x: 0, y: 0, z: 0}
--- !u!1 &5117953602222058418
GameObject:
  m_ObjectHideFlags: 0
  m_CorrespondingSourceObject: {fileID: 0}
  m_PrefabInstance: {fileID: 0}
  m_PrefabAsset: {fileID: 0}
  serializedVersion: 6
  m_Component:
  - component: {fileID: 5121560389639807186}
  m_Layer: 0
  m_Name: VRTK_Hand_Bone_Pinkie_2
  m_TagString: Untagged
  m_Icon: {fileID: 0}
  m_NavMeshLayer: 0
  m_StaticEditorFlags: 0
  m_IsActive: 1
--- !u!4 &5121560389639807186
Transform:
  m_ObjectHideFlags: 0
  m_CorrespondingSourceObject: {fileID: 0}
  m_PrefabInstance: {fileID: 0}
  m_PrefabAsset: {fileID: 0}
  m_GameObject: {fileID: 5117953602222058418}
  m_LocalRotation: {x: 0.07942926, y: 0.031121412, z: 0.0018182565, w: 0.996353}
  m_LocalPosition: {x: 3.783498e-12, y: 0.00052888185, z: 0}
  m_LocalScale: {x: 1, y: 1.0000001, z: 1}
  m_Children:
  - {fileID: 5119789445322503734}
  m_Father: {fileID: 5121224037442837656}
  m_RootOrder: 0
  m_LocalEulerAnglesHint: {x: 0, y: 0, z: 0}
--- !u!1 &5117955808349280164
GameObject:
  m_ObjectHideFlags: 0
  m_CorrespondingSourceObject: {fileID: 0}
  m_PrefabInstance: {fileID: 0}
  m_PrefabAsset: {fileID: 0}
  serializedVersion: 6
  m_Component:
  - component: {fileID: 5121524873107303556}
  m_Layer: 0
  m_Name: VRTK_Hand_Bone_Thumb_3
  m_TagString: Untagged
  m_Icon: {fileID: 0}
  m_NavMeshLayer: 0
  m_StaticEditorFlags: 0
  m_IsActive: 1
--- !u!4 &5121524873107303556
Transform:
  m_ObjectHideFlags: 0
  m_CorrespondingSourceObject: {fileID: 0}
  m_PrefabInstance: {fileID: 0}
  m_PrefabAsset: {fileID: 0}
  m_GameObject: {fileID: 5117955808349280164}
  m_LocalRotation: {x: 0.024118794, y: 0.102515854, z: -0.016770596, w: 0.9942975}
  m_LocalPosition: {x: -1.8626451e-11, y: 0.00018896798, z: 0}
  m_LocalScale: {x: 1, y: 1, z: 1}
  m_Children:
  - {fileID: 5119608863350528638}
  m_Father: {fileID: 5121406849965344640}
  m_RootOrder: 0
  m_LocalEulerAnglesHint: {x: 0, y: 0, z: 0}
--- !u!1 &5117982263382418504
GameObject:
  m_ObjectHideFlags: 0
  m_CorrespondingSourceObject: {fileID: 0}
  m_PrefabInstance: {fileID: 0}
  m_PrefabAsset: {fileID: 0}
  serializedVersion: 6
  m_Component:
  - component: {fileID: 5121628397533454936}
  - component: {fileID: 5108149287460414954}
  - component: {fileID: 5085775969460043014}
  m_Layer: 0
  m_Name: Pinky
  m_TagString: Untagged
  m_Icon: {fileID: 0}
  m_NavMeshLayer: 0
  m_StaticEditorFlags: 0
  m_IsActive: 1
--- !u!4 &5121628397533454936
Transform:
  m_ObjectHideFlags: 0
  m_CorrespondingSourceObject: {fileID: 0}
  m_PrefabInstance: {fileID: 0}
  m_PrefabAsset: {fileID: 0}
  m_GameObject: {fileID: 5117982263382418504}
  m_LocalRotation: {x: -0, y: -0, z: -0, w: 1}
  m_LocalPosition: {x: 0, y: 0, z: 0}
  m_LocalScale: {x: 1, y: 1, z: 1}
  m_Children: []
  m_Father: {fileID: 5121681313617501020}
  m_RootOrder: 5
  m_LocalEulerAnglesHint: {x: 0, y: 0, z: 0}
--- !u!135 &5108149287460414954
SphereCollider:
  m_ObjectHideFlags: 0
  m_CorrespondingSourceObject: {fileID: 0}
  m_PrefabInstance: {fileID: 0}
  m_PrefabAsset: {fileID: 0}
  m_GameObject: {fileID: 5117982263382418504}
  m_Material: {fileID: 0}
  m_IsTrigger: 1
  m_Enabled: 1
  serializedVersion: 2
  m_Radius: 0.015
  m_Center: {x: 0, y: -0.015, z: 0}
--- !u!114 &5085775969460043014
MonoBehaviour:
  m_ObjectHideFlags: 0
  m_CorrespondingSourceObject: {fileID: 0}
  m_PrefabInstance: {fileID: 0}
  m_PrefabAsset: {fileID: 0}
  m_GameObject: {fileID: 5117982263382418504}
  m_Enabled: 1
  m_EditorHideFlags: 0
  m_Script: {fileID: 11500000, guid: fe5040c2eaa9ff147b80ded004191c67, type: 3}
  m_Name: 
  m_EditorClassIdentifier: 
  gameObjectToFollow: {fileID: 5118154338935091432}
  gameObjectToChange: {fileID: 0}
  followsPosition: 1
  smoothsPosition: 0
  maxAllowedPerFrameDistanceDifference: 0.003
  followsRotation: 1
  smoothsRotation: 0
  maxAllowedPerFrameAngleDifference: 1.5
  followsScale: 1
  smoothsScale: 0
  maxAllowedPerFrameSizeDifference: 0.003
  _moment: 2
--- !u!1 &5118008331426103630
GameObject:
  m_ObjectHideFlags: 0
  m_CorrespondingSourceObject: {fileID: 0}
  m_PrefabInstance: {fileID: 0}
  m_PrefabAsset: {fileID: 0}
  serializedVersion: 6
  m_Component:
  - component: {fileID: 5121415215036860924}
  m_Layer: 0
  m_Name: VRTK_Hand_Bone_Index_3
  m_TagString: Untagged
  m_Icon: {fileID: 0}
  m_NavMeshLayer: 0
  m_StaticEditorFlags: 0
  m_IsActive: 1
--- !u!4 &5121415215036860924
Transform:
  m_ObjectHideFlags: 0
  m_CorrespondingSourceObject: {fileID: 0}
  m_PrefabInstance: {fileID: 0}
  m_PrefabAsset: {fileID: 0}
  m_GameObject: {fileID: 5118008331426103630}
  m_LocalRotation: {x: -0.037379432, y: -0.021254607, z: -0.022002952, w: 0.99883276}
  m_LocalPosition: {x: 2.0954757e-11, y: 0.00003337583, z: 0}
  m_LocalScale: {x: 0.99999994, y: 1, z: 1}
  m_Children:
  - {fileID: 5119743011423854074}
  m_Father: {fileID: 5121571206225829206}
  m_RootOrder: 0
  m_LocalEulerAnglesHint: {x: 0, y: 0, z: 0}
--- !u!1 &5118012371830882734
GameObject:
  m_ObjectHideFlags: 0
  m_CorrespondingSourceObject: {fileID: 0}
  m_PrefabInstance: {fileID: 0}
  m_PrefabAsset: {fileID: 0}
  serializedVersion: 6
  m_Component:
  - component: {fileID: 5119958686768742624}
  m_Layer: 0
  m_Name: VRTK_Hand_Bone_Middle_4
  m_TagString: Untagged
  m_Icon: {fileID: 0}
  m_NavMeshLayer: 0
  m_StaticEditorFlags: 0
  m_IsActive: 1
--- !u!4 &5119958686768742624
Transform:
  m_ObjectHideFlags: 0
  m_CorrespondingSourceObject: {fileID: 0}
  m_PrefabInstance: {fileID: 0}
  m_PrefabAsset: {fileID: 0}
  m_GameObject: {fileID: 5118012371830882734}
  m_LocalRotation: {x: 0.012996573, y: -0.010561257, z: -0.009060039, w: 0.99981874}
  m_LocalPosition: {x: -6.984919e-12, y: 0.00026952755, z: 5.8207657e-12}
  m_LocalScale: {x: 1, y: 0.9999999, z: 0.9999999}
  m_Children:
  - {fileID: 5121601160657651428}
  m_Father: {fileID: 5119795736665405026}
  m_RootOrder: 0
  m_LocalEulerAnglesHint: {x: 0, y: 0, z: 0}
--- !u!1 &5118043337426251154
GameObject:
  m_ObjectHideFlags: 0
  m_CorrespondingSourceObject: {fileID: 0}
  m_PrefabInstance: {fileID: 0}
  m_PrefabAsset: {fileID: 0}
  serializedVersion: 6
  m_Component:
  - component: {fileID: 5119789445322503734}
  m_Layer: 0
  m_Name: VRTK_Hand_Bone_Pinkie_3
  m_TagString: Untagged
  m_Icon: {fileID: 0}
  m_NavMeshLayer: 0
  m_StaticEditorFlags: 0
  m_IsActive: 1
--- !u!4 &5119789445322503734
Transform:
  m_ObjectHideFlags: 0
  m_CorrespondingSourceObject: {fileID: 0}
  m_PrefabInstance: {fileID: 0}
  m_PrefabAsset: {fileID: 0}
  m_GameObject: {fileID: 5118043337426251154}
  m_LocalRotation: {x: 0.04883287, y: -0.037906032, z: 0.04340974, w: 0.997143}
  m_LocalPosition: {x: 3.3396643e-11, y: 0.00006900988, z: 1.16415315e-11}
  m_LocalScale: {x: 1, y: 1, z: 1}
  m_Children:
  - {fileID: 5119581956240569366}
  m_Father: {fileID: 5121560389639807186}
  m_RootOrder: 0
  m_LocalEulerAnglesHint: {x: 0, y: 0, z: 0}
--- !u!1 &5118048466336221784
GameObject:
  m_ObjectHideFlags: 0
  m_CorrespondingSourceObject: {fileID: 0}
  m_PrefabInstance: {fileID: 0}
  m_PrefabAsset: {fileID: 0}
  serializedVersion: 6
  m_Component:
  - component: {fileID: 5121451960936101996}
  m_Layer: 0
  m_Name: VRTK_Hand_Bone_Ring_5_end
  m_TagString: Untagged
  m_Icon: {fileID: 0}
  m_NavMeshLayer: 0
  m_StaticEditorFlags: 0
  m_IsActive: 1
--- !u!4 &5121451960936101996
Transform:
  m_ObjectHideFlags: 0
  m_CorrespondingSourceObject: {fileID: 0}
  m_PrefabInstance: {fileID: 0}
  m_PrefabAsset: {fileID: 0}
  m_GameObject: {fileID: 5118048466336221784}
  m_LocalRotation: {x: 0, y: -0, z: -0, w: 1}
  m_LocalPosition: {x: -0, y: 0.0002791926, z: 0}
  m_LocalScale: {x: 1, y: 1, z: 1}
  m_Children: []
  m_Father: {fileID: 5121557586512804166}
  m_RootOrder: 0
  m_LocalEulerAnglesHint: {x: 0, y: 0, z: 0}
--- !u!1 &5118083301344727954
GameObject:
  m_ObjectHideFlags: 0
  m_CorrespondingSourceObject: {fileID: 0}
  m_PrefabInstance: {fileID: 0}
  m_PrefabAsset: {fileID: 0}
  serializedVersion: 6
  m_Component:
  - component: {fileID: 5121269551486863516}
  - component: {fileID: 5107392422310651274}
  - component: {fileID: 5086253296030816762}
  m_Layer: 0
  m_Name: Ring
  m_TagString: Untagged
  m_Icon: {fileID: 0}
  m_NavMeshLayer: 0
  m_StaticEditorFlags: 0
  m_IsActive: 1
--- !u!4 &5121269551486863516
Transform:
  m_ObjectHideFlags: 0
  m_CorrespondingSourceObject: {fileID: 0}
  m_PrefabInstance: {fileID: 0}
  m_PrefabAsset: {fileID: 0}
  m_GameObject: {fileID: 5118083301344727954}
  m_LocalRotation: {x: -0, y: -0, z: -0, w: 1}
  m_LocalPosition: {x: 0, y: 0, z: 0}
  m_LocalScale: {x: 1, y: 1, z: 1}
  m_Children: []
  m_Father: {fileID: 5121681313617501020}
  m_RootOrder: 4
  m_LocalEulerAnglesHint: {x: 0, y: 0, z: 0}
--- !u!135 &5107392422310651274
SphereCollider:
  m_ObjectHideFlags: 0
  m_CorrespondingSourceObject: {fileID: 0}
  m_PrefabInstance: {fileID: 0}
  m_PrefabAsset: {fileID: 0}
  m_GameObject: {fileID: 5118083301344727954}
  m_Material: {fileID: 0}
  m_IsTrigger: 1
  m_Enabled: 1
  serializedVersion: 2
  m_Radius: 0.015
  m_Center: {x: 0, y: -0.015, z: 0}
--- !u!114 &5086253296030816762
MonoBehaviour:
  m_ObjectHideFlags: 0
  m_CorrespondingSourceObject: {fileID: 0}
  m_PrefabInstance: {fileID: 0}
  m_PrefabAsset: {fileID: 0}
  m_GameObject: {fileID: 5118083301344727954}
  m_Enabled: 1
  m_EditorHideFlags: 0
  m_Script: {fileID: 11500000, guid: fe5040c2eaa9ff147b80ded004191c67, type: 3}
  m_Name: 
  m_EditorClassIdentifier: 
  gameObjectToFollow: {fileID: 5118048466336221784}
  gameObjectToChange: {fileID: 0}
  followsPosition: 1
  smoothsPosition: 0
  maxAllowedPerFrameDistanceDifference: 0.003
  followsRotation: 1
  smoothsRotation: 0
  maxAllowedPerFrameAngleDifference: 1.5
  followsScale: 1
  smoothsScale: 0
  maxAllowedPerFrameSizeDifference: 0.003
  _moment: 2
--- !u!1 &5118102116182284720
GameObject:
  m_ObjectHideFlags: 0
  m_CorrespondingSourceObject: {fileID: 0}
  m_PrefabInstance: {fileID: 0}
  m_PrefabAsset: {fileID: 0}
  serializedVersion: 6
  m_Component:
  - component: {fileID: 5119817942672205480}
  m_Layer: 0
  m_Name: VRTK_Hand_Bone_Ring_1
  m_TagString: Untagged
  m_Icon: {fileID: 0}
  m_NavMeshLayer: 0
  m_StaticEditorFlags: 0
  m_IsActive: 1
--- !u!4 &5119817942672205480
Transform:
  m_ObjectHideFlags: 0
  m_CorrespondingSourceObject: {fileID: 0}
  m_PrefabInstance: {fileID: 0}
  m_PrefabAsset: {fileID: 0}
  m_GameObject: {fileID: 5118102116182284720}
  m_LocalRotation: {x: 0.056272447, y: 0.011234018, z: -0.12426442, w: 0.9905885}
  m_LocalPosition: {x: 0.0001341634, y: 0.0004598923, z: -0.000013166527}
  m_LocalScale: {x: 0.99999994, y: 0.9999998, z: 1}
  m_Children:
  - {fileID: 5119685596808972736}
  m_Father: {fileID: 5121605932061104866}
  m_RootOrder: 3
  m_LocalEulerAnglesHint: {x: 0, y: 0, z: 0}
--- !u!1 &5118102314205053018
GameObject:
  m_ObjectHideFlags: 0
  m_CorrespondingSourceObject: {fileID: 0}
  m_PrefabInstance: {fileID: 0}
  m_PrefabAsset: {fileID: 0}
  serializedVersion: 6
  m_Component:
  - component: {fileID: 5119738689025133392}
  m_Layer: 0
  m_Name: VRTK_Hand_Bone_Forearm
  m_TagString: Untagged
  m_Icon: {fileID: 0}
  m_NavMeshLayer: 0
  m_StaticEditorFlags: 0
  m_IsActive: 1
--- !u!4 &5119738689025133392
Transform:
  m_ObjectHideFlags: 0
  m_CorrespondingSourceObject: {fileID: 0}
  m_PrefabInstance: {fileID: 0}
  m_PrefabAsset: {fileID: 0}
  m_GameObject: {fileID: 5118102314205053018}
  m_LocalRotation: {x: 0.9999234, y: 0.0000000040227204, z: -0.0000014303513, w: -0.01237779}
  m_LocalPosition: {x: 6.5932303e-17, y: -0.000004406724, z: 0.0000010092131}
  m_LocalScale: {x: 1, y: 1, z: 0.9999303}
  m_Children:
  - {fileID: 5119811339654335430}
  m_Father: {fileID: 5121229143118392446}
  m_RootOrder: 0
  m_LocalEulerAnglesHint: {x: 0, y: 0, z: 0}
--- !u!1 &5118106638082306302
GameObject:
  m_ObjectHideFlags: 0
  m_CorrespondingSourceObject: {fileID: 0}
  m_PrefabInstance: {fileID: 0}
  m_PrefabAsset: {fileID: 0}
  serializedVersion: 6
  m_Component:
  - component: {fileID: 5119482601874819142}
  m_Layer: 0
  m_Name: VRTK_Hand_Bone_Thumb_1
  m_TagString: Untagged
  m_Icon: {fileID: 0}
  m_NavMeshLayer: 0
  m_StaticEditorFlags: 0
  m_IsActive: 1
--- !u!4 &5119482601874819142
Transform:
  m_ObjectHideFlags: 0
  m_CorrespondingSourceObject: {fileID: 0}
  m_PrefabInstance: {fileID: 0}
  m_PrefabAsset: {fileID: 0}
  m_GameObject: {fileID: 5118106638082306302}
  m_LocalRotation: {x: -0.09489375, y: 0.26078895, z: 0.41679138, w: 0.8656034}
  m_LocalPosition: {x: -0.00031794535, y: 0.000079114005, z: 0.00007427844}
  m_LocalScale: {x: 0.99999994, y: 0.9999999, z: 1}
  m_Children:
  - {fileID: 5121406849965344640}
  m_Father: {fileID: 5121605932061104866}
  m_RootOrder: 4
  m_LocalEulerAnglesHint: {x: 0, y: 0, z: 0}
--- !u!1 &5118116434659892112
GameObject:
  m_ObjectHideFlags: 0
  m_CorrespondingSourceObject: {fileID: 0}
  m_PrefabInstance: {fileID: 0}
  m_PrefabAsset: {fileID: 0}
  serializedVersion: 6
  m_Component:
  - component: {fileID: 5119987361294245334}
  - component: {fileID: 5107415921959867254}
  - component: {fileID: 5085697574596508986}
  m_Layer: 0
  m_Name: Middle
  m_TagString: Untagged
  m_Icon: {fileID: 0}
  m_NavMeshLayer: 0
  m_StaticEditorFlags: 0
  m_IsActive: 1
--- !u!4 &5119987361294245334
Transform:
  m_ObjectHideFlags: 0
  m_CorrespondingSourceObject: {fileID: 0}
  m_PrefabInstance: {fileID: 0}
  m_PrefabAsset: {fileID: 0}
  m_GameObject: {fileID: 5118116434659892112}
  m_LocalRotation: {x: -0, y: -0, z: -0, w: 1}
  m_LocalPosition: {x: 0, y: 0, z: 0}
  m_LocalScale: {x: 1, y: 1, z: 1}
  m_Children: []
  m_Father: {fileID: 5121681313617501020}
  m_RootOrder: 3
  m_LocalEulerAnglesHint: {x: 0, y: 0, z: 0}
--- !u!135 &5107415921959867254
SphereCollider:
  m_ObjectHideFlags: 0
  m_CorrespondingSourceObject: {fileID: 0}
  m_PrefabInstance: {fileID: 0}
  m_PrefabAsset: {fileID: 0}
  m_GameObject: {fileID: 5118116434659892112}
  m_Material: {fileID: 0}
  m_IsTrigger: 1
  m_Enabled: 1
  serializedVersion: 2
  m_Radius: 0.015
  m_Center: {x: 0, y: -0.015, z: 0}
--- !u!114 &5085697574596508986
MonoBehaviour:
  m_ObjectHideFlags: 0
  m_CorrespondingSourceObject: {fileID: 0}
  m_PrefabInstance: {fileID: 0}
  m_PrefabAsset: {fileID: 0}
  m_GameObject: {fileID: 5118116434659892112}
  m_Enabled: 1
  m_EditorHideFlags: 0
  m_Script: {fileID: 11500000, guid: fe5040c2eaa9ff147b80ded004191c67, type: 3}
  m_Name: 
  m_EditorClassIdentifier: 
  gameObjectToFollow: {fileID: 5117940804414273688}
  gameObjectToChange: {fileID: 0}
  followsPosition: 1
  smoothsPosition: 0
  maxAllowedPerFrameDistanceDifference: 0.003
  followsRotation: 1
  smoothsRotation: 0
  maxAllowedPerFrameAngleDifference: 1.5
  followsScale: 1
  smoothsScale: 0
  maxAllowedPerFrameSizeDifference: 0.003
  _moment: 2
--- !u!1 &5118154338935091432
GameObject:
  m_ObjectHideFlags: 0
  m_CorrespondingSourceObject: {fileID: 0}
  m_PrefabInstance: {fileID: 0}
  m_PrefabAsset: {fileID: 0}
  serializedVersion: 6
  m_Component:
  - component: {fileID: 5119731195458414328}
  m_Layer: 0
  m_Name: VRTK_Hand_Bone_Pinkie_5_end
  m_TagString: Untagged
  m_Icon: {fileID: 0}
  m_NavMeshLayer: 0
  m_StaticEditorFlags: 0
  m_IsActive: 1
--- !u!4 &5119731195458414328
Transform:
  m_ObjectHideFlags: 0
  m_CorrespondingSourceObject: {fileID: 0}
  m_PrefabInstance: {fileID: 0}
  m_PrefabAsset: {fileID: 0}
  m_GameObject: {fileID: 5118154338935091432}
  m_LocalRotation: {x: 0, y: -0, z: -0, w: 1}
  m_LocalPosition: {x: -0, y: 0.00024436848, z: 0}
  m_LocalScale: {x: 1, y: 1, z: 1}
  m_Children: []
  m_Father: {fileID: 5119948722337019686}
  m_RootOrder: 0
  m_LocalEulerAnglesHint: {x: 0, y: 0, z: 0}
--- !u!1 &5118161994135767934
GameObject:
  m_ObjectHideFlags: 0
  m_CorrespondingSourceObject: {fileID: 0}
  m_PrefabInstance: {fileID: 0}
  m_PrefabAsset: {fileID: 0}
  serializedVersion: 6
  m_Component:
  - component: {fileID: 5119664378097697990}
  - component: {fileID: 5107115754398945994}
  m_Layer: 0
  m_Name: Palm
  m_TagString: Untagged
  m_Icon: {fileID: 0}
  m_NavMeshLayer: 0
  m_StaticEditorFlags: 0
  m_IsActive: 1
--- !u!4 &5119664378097697990
Transform:
  m_ObjectHideFlags: 0
  m_CorrespondingSourceObject: {fileID: 0}
  m_PrefabInstance: {fileID: 0}
  m_PrefabAsset: {fileID: 0}
  m_GameObject: {fileID: 5118161994135767934}
  m_LocalRotation: {x: 0, y: 0, z: 0, w: 1}
  m_LocalPosition: {x: 0, y: 0, z: 0.06}
  m_LocalScale: {x: 1, y: 1, z: 1}
  m_Children: []
  m_Father: {fileID: 5121681313617501020}
  m_RootOrder: 0
  m_LocalEulerAnglesHint: {x: 0, y: 0, z: 0}
--- !u!136 &5107115754398945994
CapsuleCollider:
  m_ObjectHideFlags: 0
  m_CorrespondingSourceObject: {fileID: 0}
  m_PrefabInstance: {fileID: 0}
  m_PrefabAsset: {fileID: 0}
  m_GameObject: {fileID: 5118161994135767934}
  m_Material: {fileID: 0}
  m_IsTrigger: 1
  m_Enabled: 1
  m_Radius: 0.04
  m_Height: 0.15
  m_Direction: 2
  m_Center: {x: 0, y: 0, z: 0}
--- !u!1 &5118237460819609274
GameObject:
  m_ObjectHideFlags: 0
  m_CorrespondingSourceObject: {fileID: 0}
  m_PrefabInstance: {fileID: 0}
  m_PrefabAsset: {fileID: 0}
  serializedVersion: 6
  m_Component:
  - component: {fileID: 5119866056537935948}
  - component: {fileID: 5107580928832022076}
  - component: {fileID: 5086303022681388158}
  m_Layer: 0
  m_Name: Thumb
  m_TagString: Untagged
  m_Icon: {fileID: 0}
  m_NavMeshLayer: 0
  m_StaticEditorFlags: 0
  m_IsActive: 1
--- !u!4 &5119866056537935948
Transform:
  m_ObjectHideFlags: 0
  m_CorrespondingSourceObject: {fileID: 0}
  m_PrefabInstance: {fileID: 0}
  m_PrefabAsset: {fileID: 0}
  m_GameObject: {fileID: 5118237460819609274}
  m_LocalRotation: {x: 0, y: 0, z: 0, w: 1}
  m_LocalPosition: {x: 0, y: 0, z: 0}
  m_LocalScale: {x: 1, y: 1, z: 1}
  m_Children: []
  m_Father: {fileID: 5121681313617501020}
  m_RootOrder: 1
  m_LocalEulerAnglesHint: {x: 0, y: 0, z: 0}
--- !u!135 &5107580928832022076
SphereCollider:
  m_ObjectHideFlags: 0
  m_CorrespondingSourceObject: {fileID: 0}
  m_PrefabInstance: {fileID: 0}
  m_PrefabAsset: {fileID: 0}
  m_GameObject: {fileID: 5118237460819609274}
  m_Material: {fileID: 0}
  m_IsTrigger: 1
  m_Enabled: 1
  serializedVersion: 2
  m_Radius: 0.015
  m_Center: {x: 0, y: -0.015, z: 0}
--- !u!114 &5086303022681388158
MonoBehaviour:
  m_ObjectHideFlags: 0
  m_CorrespondingSourceObject: {fileID: 0}
  m_PrefabInstance: {fileID: 0}
  m_PrefabAsset: {fileID: 0}
  m_GameObject: {fileID: 5118237460819609274}
  m_Enabled: 1
  m_EditorHideFlags: 0
  m_Script: {fileID: 11500000, guid: fe5040c2eaa9ff147b80ded004191c67, type: 3}
  m_Name: 
  m_EditorClassIdentifier: 
  gameObjectToFollow: {fileID: 5118313658051447356}
  gameObjectToChange: {fileID: 0}
  followsPosition: 1
  smoothsPosition: 0
  maxAllowedPerFrameDistanceDifference: 0.003
  followsRotation: 1
  smoothsRotation: 0
  maxAllowedPerFrameAngleDifference: 1.5
  followsScale: 1
  smoothsScale: 0
  maxAllowedPerFrameSizeDifference: 0.003
  _moment: 2
--- !u!1 &5118239706978805442
GameObject:
  m_ObjectHideFlags: 0
  m_CorrespondingSourceObject: {fileID: 0}
  m_PrefabInstance: {fileID: 0}
  m_PrefabAsset: {fileID: 0}
  serializedVersion: 6
  m_Component:
  - component: {fileID: 5121601160657651428}
  m_Layer: 0
  m_Name: VRTK_Hand_Bone_Middle_5
  m_TagString: Untagged
  m_Icon: {fileID: 0}
  m_NavMeshLayer: 0
  m_StaticEditorFlags: 0
  m_IsActive: 1
--- !u!4 &5121601160657651428
Transform:
  m_ObjectHideFlags: 0
  m_CorrespondingSourceObject: {fileID: 0}
  m_PrefabInstance: {fileID: 0}
  m_PrefabAsset: {fileID: 0}
  m_GameObject: {fileID: 5118239706978805442}
  m_LocalRotation: {x: 0.016483491, y: -0.07333579, z: -0.008949763, w: 0.99713093}
  m_LocalPosition: {x: -6.4028427e-12, y: 0.0003102589, z: 1.3315002e-11}
  m_LocalScale: {x: 0.9999998, y: 0.99999994, z: 0.99999994}
  m_Children:
  - {fileID: 5121549401997043222}
  m_Father: {fileID: 5119958686768742624}
  m_RootOrder: 0
  m_LocalEulerAnglesHint: {x: 0, y: 0, z: 0}
--- !u!1 &5118313009374543554
GameObject:
  m_ObjectHideFlags: 0
  m_CorrespondingSourceObject: {fileID: 0}
  m_PrefabInstance: {fileID: 0}
  m_PrefabAsset: {fileID: 0}
  serializedVersion: 6
  m_Component:
  - component: {fileID: 5119614572899929386}
  m_Layer: 0
  m_Name: VRTK_Hand_Bone_Middle_1
  m_TagString: Untagged
  m_Icon: {fileID: 0}
  m_NavMeshLayer: 0
  m_StaticEditorFlags: 0
  m_IsActive: 1
--- !u!4 &5119614572899929386
Transform:
  m_ObjectHideFlags: 0
  m_CorrespondingSourceObject: {fileID: 0}
  m_PrefabInstance: {fileID: 0}
  m_PrefabAsset: {fileID: 0}
  m_GameObject: {fileID: 5118313009374543554}
  m_LocalRotation: {x: 0.049597733, y: 0.021585384, z: -0.059913594, w: 0.99673694}
  m_LocalPosition: {x: -0.00004458172, y: 0.0005361366, z: -0.000036278194}
  m_LocalScale: {x: 0.99999994, y: 0.99999994, z: 0.99999994}
  m_Children:
  - {fileID: 5119978749787101204}
  m_Father: {fileID: 5121605932061104866}
  m_RootOrder: 1
  m_LocalEulerAnglesHint: {x: 0, y: 0, z: 0}
--- !u!1 &5118313658051447356
GameObject:
  m_ObjectHideFlags: 0
  m_CorrespondingSourceObject: {fileID: 0}
  m_PrefabInstance: {fileID: 0}
  m_PrefabAsset: {fileID: 0}
  serializedVersion: 6
  m_Component:
  - component: {fileID: 5121229247478648884}
  m_Layer: 0
  m_Name: VRTK_Hand_Bone_Thumb_4_end
  m_TagString: Untagged
  m_Icon: {fileID: 0}
  m_NavMeshLayer: 0
  m_StaticEditorFlags: 0
  m_IsActive: 1
--- !u!4 &5121229247478648884
Transform:
  m_ObjectHideFlags: 0
  m_CorrespondingSourceObject: {fileID: 0}
  m_PrefabInstance: {fileID: 0}
  m_PrefabAsset: {fileID: 0}
  m_GameObject: {fileID: 5118313658051447356}
  m_LocalRotation: {x: 0, y: -0, z: -0, w: 1}
  m_LocalPosition: {x: -0, y: 0.00027877532, z: 0}
  m_LocalScale: {x: 1, y: 1, z: 1}
  m_Children: []
  m_Father: {fileID: 5119608863350528638}
  m_RootOrder: 0
  m_LocalEulerAnglesHint: {x: 0, y: 0, z: 0}
--- !u!1 &5118321536534432248
GameObject:
  m_ObjectHideFlags: 0
  m_CorrespondingSourceObject: {fileID: 0}
  m_PrefabInstance: {fileID: 0}
  m_PrefabAsset: {fileID: 0}
  serializedVersion: 6
  m_Component:
  - component: {fileID: 5119948722337019686}
  m_Layer: 0
  m_Name: VRTK_Hand_Bone_Pinkie_5
  m_TagString: Untagged
  m_Icon: {fileID: 0}
  m_NavMeshLayer: 0
  m_StaticEditorFlags: 0
  m_IsActive: 1
--- !u!4 &5119948722337019686
Transform:
  m_ObjectHideFlags: 0
  m_CorrespondingSourceObject: {fileID: 0}
  m_PrefabInstance: {fileID: 0}
  m_PrefabAsset: {fileID: 0}
  m_GameObject: {fileID: 5118321536534432248}
  m_LocalRotation: {x: -0.00079479837, y: 0.010592777, z: 0.0011225746, w: 0.99994296}
  m_LocalPosition: {x: 2.6193447e-11, y: 0.00020529068, z: 1.3969838e-11}
  m_LocalScale: {x: 1, y: 1, z: 1}
  m_Children:
  - {fileID: 5119731195458414328}
  m_Father: {fileID: 5119581956240569366}
  m_RootOrder: 0
  m_LocalEulerAnglesHint: {x: 0, y: 0, z: 0}
--- !u!1 &5118327867584942682
GameObject:
  m_ObjectHideFlags: 0
  m_CorrespondingSourceObject: {fileID: 0}
  m_PrefabInstance: {fileID: 0}
  m_PrefabAsset: {fileID: 0}
  serializedVersion: 6
  m_Component:
  - component: {fileID: 5121406849965344640}
  m_Layer: 0
  m_Name: VRTK_Hand_Bone_Thumb_2
  m_TagString: Untagged
  m_Icon: {fileID: 0}
  m_NavMeshLayer: 0
  m_StaticEditorFlags: 0
  m_IsActive: 1
--- !u!4 &5121406849965344640
Transform:
  m_ObjectHideFlags: 0
  m_CorrespondingSourceObject: {fileID: 0}
  m_PrefabInstance: {fileID: 0}
  m_PrefabAsset: {fileID: 0}
  m_GameObject: {fileID: 5118327867584942682}
  m_LocalRotation: {x: 0.17927602, y: 0.01907303, z: -0.07598522, w: 0.98067456}
  m_LocalPosition: {x: 4.307367e-11, y: 0.00033730656, z: 1.1641532e-12}
  m_LocalScale: {x: 1, y: 0.99999994, z: 1.0000001}
  m_Children:
  - {fileID: 5121524873107303556}
  m_Father: {fileID: 5119482601874819142}
  m_RootOrder: 0
  m_LocalEulerAnglesHint: {x: 0, y: 0, z: 0}
--- !u!1 &5118329460617996276
GameObject:
  m_ObjectHideFlags: 0
  m_CorrespondingSourceObject: {fileID: 0}
  m_PrefabInstance: {fileID: 0}
  m_PrefabAsset: {fileID: 0}
  serializedVersion: 6
  m_Component:
  - component: {fileID: 5119685596808972736}
  m_Layer: 0
  m_Name: VRTK_Hand_Bone_Ring_2
  m_TagString: Untagged
  m_Icon: {fileID: 0}
  m_NavMeshLayer: 0
  m_StaticEditorFlags: 0
  m_IsActive: 1
--- !u!4 &5119685596808972736
Transform:
  m_ObjectHideFlags: 0
  m_CorrespondingSourceObject: {fileID: 0}
  m_PrefabInstance: {fileID: 0}
  m_PrefabAsset: {fileID: 0}
  m_GameObject: {fileID: 5118329460617996276}
  m_LocalRotation: {x: 0.041138336, y: -0.006968769, z: 0.012912212, w: 0.9990457}
  m_LocalPosition: {x: -1.6298145e-11, y: 0.0002961876, z: -2.6193446e-12}
  m_LocalScale: {x: 0.9999999, y: 1, z: 0.99999994}
  m_Children:
  - {fileID: 5121168986229195144}
  m_Father: {fileID: 5119817942672205480}
  m_RootOrder: 0
  m_LocalEulerAnglesHint: {x: 0, y: 0, z: 0}
